@article{scikit-learn,
  title   = {Scikit-learn: Machine Learning in {P}ython},
  author  = {Pedregosa, F. and Varoquaux, G. and Gramfort, A. and Michel, V.
             and Thirion, B. and Grisel, O. and Blondel, M. and Prettenhofer, P.
             and Weiss, R. and Dubourg, V. and Vanderplas, J. and Passos, A. and
             Cournapeau, D. and Brucher, M. and Perrot, M. and Duchesnay, E.},
  journal = {Journal of Machine Learning Research},
  volume  = {12},
  pages   = {2825--2830},
  year    = {2011}
}

@software{reback2020pandas,
  author    = {The pandas development team},
  title     = {pandas-dev/pandas: Pandas},
  month     = feb,
  year      = 2020,
  publisher = {Zenodo},
  version   = {latest},
  doi       = {10.5281/zenodo.3509134},
  url       = {https://doi.org/10.5281/zenodo.3509134}
}

@inproceedings{mckinney-proc-scipy-2010,
  author    = { {W}es {M}c{K}inney },
  title     = { {D}ata {S}tructures for {S}tatistical {C}omputing in {P}ython },
  booktitle = { {P}roceedings of the 9th {P}ython in {S}cience {C}onference },
  pages     = { 56 - 61 },
  year      = { 2010 },
  editor    = { {S}t\'efan van der {W}alt and {J}arrod {M}illman },
  doi       = { 10.25080/Majora-92bf1922-00a }
}

@article{seaborn,
  doi       = {10.21105/joss.03021},
  url       = {https://doi.org/10.21105/joss.03021},
  year      = {2021},
  publisher = {The Open Journal},
  volume    = {6},
  number    = {60},
  pages     = {3021},
  author    = {Michael L. Waskom},
  title     = {seaborn: statistical data visualization},
  journal   = {Journal of Open Source Software}
}
 
 @article{matplotlib,
  author    = {Hunter, J. D.},
  title     = {Matplotlib: A 2D graphics environment},
  journal   = {Computing in Science \& Engineering},
  volume    = {9},
  number    = {3},
  pages     = {90--95},
  abstract  = {Matplotlib is a 2D graphics package used for Python for
               application development, interactive scripting, and publication-quality
               image generation across user interfaces and operating systems.},
  publisher = {IEEE COMPUTER SOC},
  doi       = {10.1109/MCSE.2007.55},
  year      = 2007
}

@article{numpy,
  title     = {Array programming with {NumPy}},
  author    = {Charles R. Harris and K. Jarrod Millman and St{\'{e}}fan J.
               van der Walt and Ralf Gommers and Pauli Virtanen and David
               Cournapeau and Eric Wieser and Julian Taylor and Sebastian
               Berg and Nathaniel J. Smith and Robert Kern and Matti Picus
               and Stephan Hoyer and Marten H. van Kerkwijk and Matthew
               Brett and Allan Haldane and Jaime Fern{\'{a}}ndez del
               R{\'{i}}o and Mark Wiebe and Pearu Peterson and Pierre
               G{\'{e}}rard-Marchant and Kevin Sheppard and Tyler Reddy and
               Warren Weckesser and Hameer Abbasi and Christoph Gohlke and
               Travis E. Oliphant},
  year      = {2020},
  month     = sep,
  journal   = {Nature},
  volume    = {585},
  number    = {7825},
  pages     = {357--362},
  doi       = {10.1038/s41586-020-2649-2},
  publisher = {Springer Science and Business Media {LLC}},
  url       = {https://doi.org/10.1038/s41586-020-2649-2}
}

@article{2020SciPy-NMeth,
  author  = {Virtanen, Pauli and Gommers, Ralf and Oliphant, Travis E. and
             Haberland, Matt and Reddy, Tyler and Cournapeau, David and
             Burovski, Evgeni and Peterson, Pearu and Weckesser, Warren and
             Bright, Jonathan and {van der Walt}, St{\'e}fan J. and
             Brett, Matthew and Wilson, Joshua and Millman, K. Jarrod and
             Mayorov, Nikolay and Nelson, Andrew R. J. and Jones, Eric and
             Kern, Robert and Larson, Eric and Carey, C J and
             Polat, {\.I}lhan and Feng, Yu and Moore, Eric W. and
             {VanderPlas}, Jake and Laxalde, Denis and Perktold, Josef and
             Cimrman, Robert and Henriksen, Ian and Quintero, E. A. and
             Harris, Charles R. and Archibald, Anne M. and
             Ribeiro, Ant{\^o}nio H. and Pedregosa, Fabian and
             {van Mulbregt}, Paul and {SciPy 1.0 Contributors}},
  title   = {{{SciPy} 1.0: Fundamental Algorithms for Scientific
             Computing in Python}},
  journal = {Nature Methods},
  year    = {2020},
  volume  = {17},
  pages   = {261--272},
  adsurl  = {https://rdcu.be/b08Wh},
  doi     = {10.1038/s41592-019-0686-2}
}